@article{carrion,
  place        = {Florianópolis},
  title        = {Internet da Coisas (IoT): Definições e aplicabilidade aos usuários finais},
  volume       = {8},
  url          = {https://www.revistas.udesc.br/index.php/hfd/article/view/2316796308152019049},
  doi          = {10.5965/2316796308152019049},
  abstractnote = {&lt;p class=&quot;PDresumo&quot;&gt;A interconexão de dispositivos físicos com capacidades computacionais de detecção e comunicação de dados não é uma concepção nova, porém a compreensão da real aplicabilidade de uma Internet das Coisas (&lt;em&gt;Internet of Things&lt;/em&gt;, ou IoT) ainda é incipiente. A Internet das Coisas descreve o que se observa hoje com o crescente número de dispositivos conectados habilitados à internet. Isto é, um estado onde “coisas”, de pequenos objetos a ambientes e cidades, veem-se capacitados a se comunicar uns com os outros, e consequentemente com os humanos presentes no ecossistema. Neste artigo, buscou-se discutir como a realidade de produtos cada vez mais conectados vem transformando o modo como usuários e organizações interagem com tecnologias em níveis novos e distintos. Para tanto, foram traçadas definições acerca da IoT, de suas aplicações voltadas ao usuário final, e de como os serviços IoT, centradas no cliente-usuário, dependem de fatores instituídos ainda no processo de design.&lt;/p&gt;},
  number       = {15},
  journal      = {Human Factors in Design},
  author       = {Carrion, Patricia and Quaresma, Manuela},
  year         = {2019},
  month        = {mar.},
  pages        = {049-066}
}

@article{gavassa,
  title   = {Cultura maker, aprendizagem investigativa por desafios e resoluc{\~a}o de problemas na SME-SP (Brasil)},
  author  = {Gavassa, RCFB and MUNHOZ, Gislaine B and MELLO, Luci Ferraz de and CAROLEI, Paula},
  journal = {Fablearn Brazil},
  volume  = {2016},
  year    = {2016}
}

@book{kolban,
  title     = {Kolban's book on ESP32},
  author    = {Neil Kolban},
  year      = {2018},
  publisher = { Leanpub}
}

@article{jesus-junior,
  title   = {Sistema de aquisi{\c{c}}{\~a}o de dados de extensometria aplicado a um tambor descascador de toras de madeira.},
  author  = {Bruno Ferreira de Jesus Junior and Alan Kardek Rêgo Segundo},
  year    = {2019},
  journal = {Departamento de Engenharia de Controle e Automação, Escola de Minas, Universidade Federal de Ouro Preto}
}

@misc{baccus,
  title  = {Forza Telemetry},
  author = {Austin Baccus},
  year   = {2021},
  url    = {https://github.com/austinbaccus/forza-telemetry}
}

@misc{esp32,
  title  = {Módulo WiFi ESP32 Bluetooth},
  author = {Flipeflop},
  year   = {2022},
  url    = {https://www.filipeflop.com/produto/modulo-wifi-esp32-bluetooth/}
}

@misc{display,
  title  = {Interface LCD 16X2 com ESP32 usando I2C},
  author = {Cap Sistema},
  year   = {2022},
  url    = {https://capsistema.com.br/index.php/2022/01/20/interface-lcd-16x2-com-esp32-usando-i2c/}
}

@misc{forza-monitor,
  title  = {Forza Monitor using ESP32 Microcontroller},
  author = {João Pedro Pereira Lemos},
  year   = {2022},
  url    = {https://github.com/pedrolemoz/forza_monitor_esp32}
}

@misc{vscode,
  title  = {Visual Studio Code},
  author = {Microsoft},
  year   = {2015},
  url    = {https://code.visualstudio.com/}
}

@misc{platformio,
  title  = {PlatformIO},
  author = {PlatformIO},
  year   = {2014},
  url    = {https://platformio.org/}
}